<?xml version="1.0" encoding="UTF-8"?><collection xmlns="http://www.loc.gov/MARC21/slim"><record><leader>00508nam--2200133-i-4500</leader><controlfield tag="001">000023186</controlfield><controlfield tag="002">20161230</controlfield><controlfield tag="005">20161230201034</controlfield><controlfield tag="008">060222s1000------------r-----000-0-eng-d</controlfield><datafield ind1=" " ind2=" " tag="080"><subfield code="a">621.039:061.3</subfield></datafield><datafield ind1=" " ind2=" " tag="245"><subfield code="a">International conference on nuclear solutions to world energy problems. preliminary program. american nuclear society winter meeting nov. 12-17, 1972, washington, d.c</subfield></datafield><datafield ind1=" " ind2=" " tag="260"><subfield code="a">Washington, American Nuclear Society, 1972, 108p</subfield></datafield><datafield ind1=" " ind2=" " tag="490"><subfield code="a">Supplement To Nuclear News, September 1982</subfield></datafield><datafield ind1=" " ind2=" " tag="852"><subfield code="a">37415</subfield></datafield></record></collection>